@article{lo1990contrarian,
  title={When are contrarian profits due to stock market overreaction?},
  author={Lo, Andrew W and MacKinlay, A Craig},
  journal={The review of financial studies},
  volume={3},
  number={2},
  pages={175--205},
  year={1990},
  publisher={Oxford University Press}
}

@article{mcqueen1996delayed,
  title={Delayed reaction to good news and the cross-autocorrelation of portfolio returns},
  author={McQueen, Grant and Pinegar, Michael and Thorley, Steven},
  journal={The Journal of Finance},
  volume={51},
  number={3},
  pages={889--919},
  year={1996},
  publisher={Wiley Online Library}
}

@article{mech1993portfolio,
  title={Portfolio return autocorrelation},
  author={Mech, Timothy S},
  journal={Journal of Financial Economics},
  volume={34},
  number={3},
  pages={307--344},
  year={1993},
  publisher={Elsevier}
}

@article{chordia2000trading,
  title={Trading volume and cross-autocorrelations in stock returns},
  author={Chordia, Tarun and Swaminathan, Bhaskaran},
  journal={The Journal of Finance},
  volume={55},
  number={2},
  pages={913--935},
  year={2000},
  publisher={Wiley Online Library}
}

@article{brennan1993investment,
  title={Investment analysis and the adjustment of stock prices to common information},
  author={Brennan, Michael J and Jegadeesh, Narasimhan and Swaminathan, Bhaskaran},
  journal={The Review of Financial Studies},
  volume={6},
  number={4},
  pages={799--824},
  year={1993},
  publisher={Oxford University Press}
}

@article{badrinath1995shepherds,
  title={Of shepherds, sheep, and the cross-autocorrelations in equity returns},
  author={Badrinath, Swaminathan G and Kale, Jayant R and Noe, Thomas H},
  journal={The Review of Financial Studies},
  volume={8},
  number={2},
  pages={401--430},
  year={1995},
  publisher={Oxford University Press}
}

@article{hou2007industry,
  title={Industry information diffusion and the lead-lag effect in stock returns},
  author={Hou, Kewei},
  journal={The Review of Financial Studies},
  volume={20},
  number={4},
  pages={1113--1138},
  year={2007},
  publisher={Oxford University Press}
}

@article{malkiel1970efficient,
  title={Efficient capital markets: A review of theory and empirical work},
  author={Malkiel, Burton G and Fama, Eugene F},
  journal={The journal of Finance},
  volume={25},
  number={2},
  pages={383--417},
  year={1970},
  publisher={Wiley Online Library}
}

@article{fama1966filter,
  title={Filter rules and stock-market trading},
  author={Fama, Eugene F and Blume, Marshall E},
  journal={The Journal of Business},
  volume={39},
  number={1},
  pages={226--241},
  year={1966},
  publisher={JSTOR}
}

@article{jensen1967random,
  title={Random walks: reality or mythâ€”comment},
  author={Jensen, Michael C},
  journal={Financial Analysts Journal},
  volume={23},
  number={6},
  pages={77--85},
  year={1967},
  publisher={CFA Institute}
}

@book{kirkpatrick2010technical,
  title={Technical analysis: the complete resource for financial market technicians},
  author={Kirkpatrick II, Charles D and Dahlquist, Julie A},
  year={2010},
  publisher={FT press}
}

@article{park2007we,
  title={What do we know about the profitability of technical analysis?},
  author={Park, Cheol-Ho and Irwin, Scott H},
  journal={Journal of Economic Surveys},
  volume={21},
  number={4},
  pages={786--826},
  year={2007},
  publisher={Wiley Online Library}
}

@article{sun2016decision,
  title={A Decision Tree Model for Meta-Investment Strategy of Stock Based on Sector Rotating},
  author={Sun, SL and others},
  journal={Fuzzy Systems and Data MiningII: Proceedings of FSDM 2016},
  volume={293},
  pages={194},
  year={2016},
  publisher={IOS Press}
}

@inproceedings{caruana1993multitask,
  title={Multitask connectionist learning},
  author={Caruana, Richard A},
  booktitle={In Proceedings of the 1993 Connectionist Models Summer School},
  year={1993},
  organization={Citeseer}
}

@inproceedings{sogaard2016deep,
  title={Deep multi-task learning with low level tasks supervised at lower layers},
  author={S{\o}gaard, Anders and Goldberg, Yoav},
  booktitle={Proceedings of the 54th Annual Meeting of the Association for Computational Linguistics (Volume 2: Short Papers)},
  volume={2},
  pages={231--235},
  year={2016}
}

@article{bessembinder1995profitability,
  title={The profitability of technical trading rules in the Asian stock markets},
  author={Bessembinder, Hendrik and Chan, Kalok},
  journal={Pacific-Basin Finance Journal},
  volume={3},
  number={2-3},
  pages={257--284},
  year={1995},
  publisher={Elsevier}
}

@phdthesis{fangyan2012,
  title={The Research of Information Integration Under Chinese Stock Market Impact},
  author={Fang Yan},
  school={Tianjin University},
  year={2012},
}

@misc{ths,
  title = {TongHuaShun Industry Classification},
  howpublished = {\url{http://q.10jqka.com.cn/thshy/}},
  note = {Accessed: 2019-01-15}
}

@article{conrad1988time,
  title={Time-variation in expected returns},
  author={Conrad, Jennifer and Kaul, Gautam},
  journal={Journal of business},
  pages={409--425},
  year={1988},
  publisher={JSTOR}
}

@article{hameed1997time,
  title={Time-varying factors and cross-autocorrelations in short-horizon stock returns},
  author={Hameed, Allaudeen},
  journal={Journal of Financial Research},
  volume={20},
  number={4},
  pages={435--458},
  year={1997},
  publisher={Wiley Online Library}
}

% Multi-tasks
@article{hashimoto2016joint,
  title={A joint many-task model: Growing a neural network for multiple NLP tasks},
  author={Hashimoto, Kazuma and Xiong, Caiming and Tsuruoka, Yoshimasa and Socher, Richard},
  journal={arXiv preprint arXiv:1611.01587},
  year={2016}
}

@article{ruder2017overview,
  title={An overview of multi-task learning in deep neural networks},
  author={Ruder, Sebastian},
  journal={arXiv preprint arXiv:1706.05098},
  year={2017}
}